@article {HodgsonWeeks1994,
    AUTHOR = {Hodgson, Craig D. and Weeks, Jeffrey R.},
     TITLE = {Symmetries, isometries and length spectra of closed hyperbolic
              three-manifolds},
   JOURNAL = {Experiment. Math.},
  FJOURNAL = {Experimental Mathematics},
    VOLUME = {3},
      YEAR = {1994},
    NUMBER = {4},
     PAGES = {261--274},
      ISSN = {1058-6458},
   MRCLASS = {57N10 (57M50)},
  MRNUMBER = {1341719 (97a:57013)},
       HIDDENURL = {http://projecteuclid.org/euclid.em/1048515809},
}

@misc{ThurstonNotes1979,
        Author  =       {W. P. Thurston},
        Title   =       {The geometry and  topology of 3-manifolds},
        Year    =       {1978--80, 2002},
        URL = {http://www.msri.org/publications/books/gt3m},
        note = {Lecture notes, 360 pages},
}

@misc{bonahonSiebenmann2010,
  title={New geometric splittings of classical knots, and the classification and symmetries of arborescent knots},
  author={Bonahon, Francis and Siebenmann, Laurent},
  journal={preprint},
  url={http://www-bcf.usc.edu/~fbonahon/Research/Preprints/BonSieb.pdf},
  year={2010}
}

@article {BBCW2012,
    AUTHOR = {Boileau, Michel and Boyer, Steven and Cebanu, Radu and Walsh,
              Genevieve S.},
     TITLE = {Knot commensurability and the {B}erge conjecture},
   JOURNAL = {Geom. Topol.},
  FJOURNAL = {Geometry \& Topology},
    VOLUME = {16},
      YEAR = {2012},
    NUMBER = {2},
     PAGES = {625--664},
      ISSN = {1465-3060},
   MRCLASS = {57M10 (57M25)},
  MRNUMBER = {2928979},
MRREVIEWER = {Jessica S. Purcell},
       DOI = {10.2140/gt.2012.16.625},
       HIDDENURL = {http://dx.doi.org/10.2140/gt.2012.16.625},
    EPRINT = {arXiv:1008.1034},
}


@article {CGLS,
    AUTHOR = {Culler, Marc and Gordon, C. McA. and Luecke, J. and Shalen,
              Peter B.},
     TITLE = {Dehn surgery on knots},
   JOURNAL = {Ann. of Math. (2)},
  FJOURNAL = {Annals of Mathematics. Second Series},
    VOLUME = {125},
      YEAR = {1987},
    NUMBER = {2},
     PAGES = {237--300},
      ISSN = {0003-486X},
     CODEN = {ANMAAH},
   MRCLASS = {57N12 (57M25 57M40)},
  MRNUMBER = {881270 (88a:57026)},
MRREVIEWER = {John Hempel},
       DOI = {10.2307/1971311},
       HIDDENURL = {http://dx.doi.org/10.2307/1971311},
}

@article {OzsvathSzabo2005,
    AUTHOR = {Ozsv{\'a}th, Peter and Szab{\'o}, Zolt{\'a}n},
     TITLE = {On knot {F}loer homology and lens space surgeries},
   JOURNAL = {Topology},
  FJOURNAL = {Topology. An International Journal of Mathematics},
    VOLUME = {44},
      YEAR = {2005},
    NUMBER = {6},
     PAGES = {1281--1300},
      ISSN = {0040-9383},
     CODEN = {TPLGAF},
   MRCLASS = {57R58 (57M27 57R65)},
  MRNUMBER = {2168576 (2006f:57034)},
MRREVIEWER = {Thomas E. Mark},
       DOI = {10.1016/j.top.2005.05.001},
       HIDDENURL = {http://dx.doi.org/10.1016/j.top.2005.05.001},
    EPRINT = {arXiv:math/0303017},
}


@misc{ Rasmussen2007,
    AUTHOR = {Rasmussen, Jacob},
    TITLE  = {Lens space surgeries and L-space homology spheres},
    NOTE   = {Preprint 2007, 23 pages},
    EPRINT = {arXiv:0710.2531},
}


@article {EpsteinPenner1988,
    AUTHOR = {Epstein, D. B. A. and Penner, R. C.},
     TITLE = {Euclidean decompositions of noncompact hyperbolic manifolds},
   JOURNAL = {J. Differential Geom.},
  FJOURNAL = {Journal of Differential Geometry},
    VOLUME = {27},
      YEAR = {1988},
    NUMBER = {1},
     PAGES = {67--80},
      ISSN = {0022-040X},
     CODEN = {JDGEAS},
   MRCLASS = {57N15 (20H10 22E40 51M10)},
  MRNUMBER = {918457 (89a:57020)},
MRREVIEWER = {N. V. Ivanov},
       HIDDENURL = {http://projecteuclid.org/euclid.jdg/1214441650},
}

@article {Weeks1993convex,
    KEY = {Weeks1},
    AUTHOR = {Weeks, Jeffrey R.},
     TITLE = {Convex hulls and isometries of cusped hyperbolic
              {$3$}-manifolds},
   JOURNAL = {Topology Appl.},
  FJOURNAL = {Topology and its Applications},
    VOLUME = {52},
      YEAR = {1993},
    NUMBER = {2},
     PAGES = {127--149},
      ISSN = {0166-8641},
     CODEN = {TIAPD9},
   MRCLASS = {57M50 (57N10 57Q15)},
  MRNUMBER = {1241189 (95a:57021)},
MRREVIEWER = {Alan W. Reid},
       DOI = {10.1016/0166-8641(93)90032-9},
       HIDDENURL = {http://dx.doi.org/10.1016/0166-8641(93)90032-9},
}

@incollection {Weeks2005,
     KEY = {Weeks2}, 
    AUTHOR = {Weeks, Jeffrey R.},
     TITLE = {Computation of hyperbolic structures in knot theory},
 BOOKTITLE = {Handbook of knot theory},
     PAGES = {461--480},
 PUBLISHER = {Elsevier B. V., Amsterdam},
      YEAR = {2005},
   MRCLASS = {57M25 (57M50)},
  MRNUMBER = {2179268 (2006k:57027)},
MRREVIEWER = {Mattia Mecchia},
       DOI = {10.1016/B978-044451452-3/50011-3},
       HIDDENURL = {http://dx.doi.org/10.1016/B978-044451452-3/50011-3},
    EPRINT = {arXiv:math/0309407},
}


@unpublished{hikmot2013verified,
  key={HIKMOT},
  title={Verified computations for hyperbolic 3-manifolds},
  author={Hoffman, Neil and Ichihara, Kazuhiro and Kashiwagi, Masahide and Masai, Hidetoshi and Oishi, Shin'ichi and Takayasu, Akitoshi},
  eprint={arXiv:1310.3410},
  year={2013},
  note={code available from: \url{http://www.oishi.info.waseda.ac.jp/~takayasu/hikmot/}}
}

@unpublished{SnapPy,
AUTHOR={Culler, Marc and Dunfield, Nathan M. and Weeks, Jeffrey R.},
TITLE={Snap{P}y v2.2, a computer program for studying the geometry and topology of 3-manifolds},
note={Available from \url{http://snappy.computop.org}, (2014/7/8).}
}

@article{montesinos1973variedades,
  title={Variedades de seifert que son recubricadores ciclicos rami cados de dos hojas, Boletino Soc},
  author={Montesinos, Jose M},
  journal={Mat. Mexicana},
  volume={18},
  pages={1--32},
  year={1973}
}

@article {BoyerGordonWatson2013,
    AUTHOR = {Boyer, Steven and Gordon, Cameron McA. and Watson, Liam},
     TITLE = {On {L}-spaces and left-orderable fundamental groups},
   JOURNAL = {Math. Ann.},
  FJOURNAL = {Mathematische Annalen},
    VOLUME = {356},
      YEAR = {2013},
    NUMBER = {4},
     PAGES = {1213--1245},
      ISSN = {0025-5831},
   MRCLASS = {57M27 (55N35)},
  MRNUMBER = {3072799},
MRREVIEWER = {Dale P. O. Rolfsen},
       DOI = {10.1007/s00208-012-0852-7},
       HIDDENURL = {http://dx.doi.org/10.1007/s00208-012-0852-7},
       EPRINT = {arXiv:1107.5016},
}

@unpublished{BakerDoleshalHoffman,
  title={On manifolds with multiple lens space filings},
  author={Baker, Kenneth L and Doleshal, Brandy Guntel and Hoffman, Neil},
  eprint={arXiv:1308.5002},
  year={2013},
  note={To appear in Bolet\'{i}n de la Sociedad Matem\'{a}tica Mexicana }
}

@unpublished{Regina,
title={Regina 4.95: Software for 3-manifold topology and normal surface theory},
author={ Burton, Benjamin A. and Budney, Ryan and Pettersson, William  and others},
note={Available from \url{http://regina.sourceforge.net/}, 1999--2014.}
}

@incollection {DUNBAR,
    AUTHOR = {Dunbar, William D.},
     TITLE = {Classification of solvorbifolds in dimension three. {I}},
 BOOKTITLE = {Braids ({S}anta {C}ruz, {CA}, 1986)},
    SERIES = {Contemp. Math.},
    VOLUME = {78},
     PAGES = {207--216},
 PUBLISHER = {Amer. Math. Soc.},
   ADDRESS = {Providence, RI},
      YEAR = {1988},
   MRCLASS = {57N10 (22E40)},
  MRNUMBER = {975080 (89k:57027)},
MRREVIEWER = {G. Peter Scott},
       DOI = {10.1090/conm/078/975080},
       URL = {http://dx.doi.org/10.1090/conm/078/975080},
}

@article {Milnor1962,
    AUTHOR = {Milnor, J.},
     TITLE = {A unique decomposition theorem for {$3$}-manifolds},
   JOURNAL = {Amer. J. Math.},
  FJOURNAL = {American Journal of Mathematics},
    VOLUME = {84},
      YEAR = {1962},
     PAGES = {1--7},
      ISSN = {0002-9327},
   MRCLASS = {55.60},
  MRNUMBER = {0142125 (25 \#5518)},
MRREVIEWER = {O. G. Harrold},
}
		

@book {montesinos1987classical,
    AUTHOR = {Montesinos, Jos{\'e} Mar{\'{\i}}a},
     TITLE = {Classical tessellations and three-manifolds},
    SERIES = {Universitext},
 PUBLISHER = {Springer-Verlag, Berlin},
      YEAR = {1987},
     PAGES = {xviii+230},
      ISBN = {3-540-15291-1},
   MRCLASS = {57N10 (05B45 20F32 52A45)},
  MRNUMBER = {915761 (89d:57016)},
MRREVIEWER = {Roger Fenn},
       DOI = {10.1007/978-3-642-61572-6},
       HIDDENURL = {http://dx.doi.org/10.1007/978-3-642-61572-6},
}

@Misc{ancillary,
  author = 	 {Nathan M. Dunfield and Neil R. Hoffman and Joan E. Licata},
  title = 	 {Ancillary files with the arXiv version of this paper},
  eprint={arXiv:TBA}
}

@misc{ Burton2014,
    AUTHOR = {Burton, Benjamin A.},
    TITLE  = {The cusped hyperbolic census is complete},
    NOTE   = {Preprint 2014, 32 pages},
    EPRINT = {arXiv:1405.2695},
}


@article {Gabai2001,
    AUTHOR = {Gabai, David},
     TITLE = {The {S}male conjecture for hyperbolic 3-manifolds: {${\rm
              Isom}(M^3)\simeq{\rm Diff}(M^3)$}},
   JOURNAL = {J. Differential Geom.},
  FJOURNAL = {Journal of Differential Geometry},
    VOLUME = {58},
      YEAR = {2001},
    NUMBER = {1},
     PAGES = {113--149},
      ISSN = {0022-040X},
     CODEN = {JDGEAS},
   MRCLASS = {57M50 (57N10 57S05)},
  MRNUMBER = {1895350 (2003c:57016)},
MRREVIEWER = {Kevin P. Scannell},
       HIDDENURL = {http://projecteuclid.org/euclid.jdg/1090348284},
}

@unpublished{GordonAIM,
  author = 	 {Cameron McArthur Gordon},
  title = 	 {Lecture at AIM Workshop on Triangulations, Heegaard Splittings, and Hyperbolic Geometry},
  Note = 	 {December, 2007}
}

@article {HenryWeeks1992,
    AUTHOR = {Henry, Shawn R. and Weeks, Jeffrey R.},
     TITLE = {Symmetry groups of hyperbolic knots and links},
   JOURNAL = {J.~Knot Theory Ramifications},
  FJOURNAL = {Journal of Knot Theory and its Ramifications},
    VOLUME = {1},
      YEAR = {1992},
    NUMBER = {2},
     PAGES = {185--201},
      ISSN = {0218-2165},
   MRCLASS = {57M25 (57-04 57M50 57M60)},
  MRNUMBER = {1164115 (93e:57007)},
MRREVIEWER = {Colin C. Adams},
       DOI = {10.1142/S0218216592000100},
       HIDDENURL = {http://dx.doi.org/10.1142/S0218216592000100},
}

@article {CoulsonGoodmanHodgsonNeumann2000,
    AUTHOR = {Coulson, David and Goodman, Oliver A. and Hodgson, Craig D.
              and Neumann, Walter D.},
     TITLE = {Computing arithmetic invariants of 3-manifolds},
   JOURNAL = {Experiment. Math.},
  FJOURNAL = {Experimental Mathematics},
    VOLUME = {9},
      YEAR = {2000},
    NUMBER = {1},
     PAGES = {127--152},
      ISSN = {1058-6458},
   MRCLASS = {57M27 (11Y40 58J28)},
  MRNUMBER = {1758805 (2001c:57014)},
       HIDDENURL = {http://projecteuclid.org/euclid.em/1046889596},
}

@article {CallahanHildebrandWeeks1999,
    AUTHOR = {Callahan, Patrick J. and Hildebrand, Martin V. and Weeks,
              Jeffrey R.},
     TITLE = {A census of cusped hyperbolic {$3$}-manifolds},
      NOTE = {With microfiche supplement},
   JOURNAL = {Math. Comp.},
  FJOURNAL = {Mathematics of Computation},
    VOLUME = {68},
      YEAR = {1999},
    NUMBER = {225},
     PAGES = {321--332},
      ISSN = {0025-5718},
     CODEN = {MCMPAF},
   MRCLASS = {57M50 (57N10)},
  MRNUMBER = {1620219 (99c:57035)},
MRREVIEWER = {Colin C. Adams},
       DOI = {10.1090/S0025-5718-99-01036-4},
       HIDDENURL = {http://dx.doi.org/10.1090/S0025-5718-99-01036-4},
}

